1664 2496
363 331 994 72 POSTQUAM BEATISSIMI UIRI ‧ SANCTUS UIDE¬

372 397 1022 104 licet abba columbanus ‧ cum beato gallo

221 496 1078 98 reliquisque discipulis suis ‧ diuinę caritatis

206 581 1113 102 feruore succensi ‧ relicta hibernia pa¬

203 656 1136 105 rentibus spretis prediisque paternis ‧ per

201 770 1154 69 maria diuersa hiberniam transmearunt

214 822 1085 121 et gallias aduenerunt sigibertum illius

193 896 1097 145 prouinciae regem adierunt. Qui cog¬

202 1002 1122 81 nito eorum desiderio ‧ deuotissima men¬

209 1078 1079 100 te famulis christi concessit ‧ ut ubicumque

208 1176 1145 77 uellent ‧ dei seruitio congruum ‧ sibi locum

220 1250 1123 110 eligerent ‧ et ut illis placeret incolerent

218 1331 1118 102 se uero in cunctis necessitatibus fautorem

214 1403 1152 117 illis esse promisit ‧ quod et copiosissime imple¬

228 1499 1111 108 uit. Ingressi igitur heremum quae

225 1593 1112 108 uosegus nominatur ‧ locum inuenerunt

224 1674 1080 103 antiquitus cultum ‧ sed tunc uetustate

229 1767 1095 106 conlapsum penitusque destructum ‧ aquis

231 1858 1119 89 tamen calidis speciosum ‧ nomine luxouium
