1664 2496
363 331 1357 403 POSTQUAM BEATISSIMI UIRI ‧ SANCTUS UIDE¬
372 397 1394 501 licet abba columbanus ‧ cum beato gallo
221 496 1299 594 reliquisque discipulis suis ‧ diuinę caritatis
206 581 1319 683 feruore succensi ‧ relicta hibernia pa¬
203 656 1339 761 rentibus spretis prediisque paternis ‧ per
201 770 1355 839 maria diuersa hiberniam transmearunt
214 822 1299 943 et gallias aduenerunt sigibertum illius
193 896 1290 1041 prouinciae regem adierunt. Qui cog¬
202 1002 1324 1083 nito eorum desiderio ‧ deuotissima men¬
209 1078 1288 1178 te famulis christi concessit ‧ ut ubicumque
208 1176 1353 1253 uellent ‧ dei seruitio congruum ‧ sibi locum
220 1250 1343 1360 eligerent ‧ et ut illis placeret incolerent
218 1331 1336 1433 se uero in cunctis necessitatibus fautorem
214 1403 1366 1520 illis esse promisit ‧ quod et copiosissime imple¬
228 1499 1339 1607 uit. Ingressi igitur heremum quae
225 1593 1337 1701 uosegus nominatur ‧ locum inuenerunt
224 1674 1304 1777 antiquitus cultum ‧ sed tunc uetustate
229 1767 1324 1873 conlapsum penitusque destructum ‧ aquis
231 1858 1350 1947 tamen calidis speciosum ‧ nomine luxouium
